% This file was created with JabRef 2.3.1.
% Encoding: ISO-8859-1

@article{Klamt:1993,
author= {Klamt, A. and Schuurmann, G.},
journal= {J. Chem. Soc., Perkin Trans. 2},
number= {5},
pages= {799-805},
year= {1993},
title= {{COSMO}: a new approach to dielectric screening in solvents with explicit expressions for the screening energy and its gradient}
}
%doi= {10.1039/P29930000799},

@article{Klamt:1995,
author = {Klamt, Andreas},
journal = {The Journal of Physical Chemistry},
number = {7},
pages = {2224--2235},
volume = {99},
year = {1995},
title = {{Conductor-like Screening Model for Real Solvents: A New Approach to the Quantitative Calculation of Solvation Phenomena}}
}
%doi = {10.1021/j100007a062},

@article{Klamt:1998,
author = {Klamt, Andreas and Jonas, Volker and Burger, Thorsten and Lohrenz, John C. W.},
doi = {10.1021/jp980017s},
journal = {The Journal of Physical Chemistry A},
number = {26},
pages = {5074--5085},
volume = {102},
year = {1998},
title = {{Refinement and Parametrization of COSMO-RS}}
}

@article{Lin:2002,
author = {Lin, Shiang--Tai and Sandler, Stanley I.},
journal = {Ind. \& Eng. Chem. Res.},
number = {5},
pages = {899--913},
volume = {41},
year = {2002},
title = {{A Priori Phase Equilibrium Prediction from a Segment Contribution Solvation Model}}
}
%doi = {10.1021/ie001047w},

