% This file was created with JabRef 2.3.1.
% Encoding: ISO-8859-1

@article{Klamt:1993,
author= {Klamt, A. and Schuurmann, G.},
journal= {J. Chem. Soc., Perkin Trans. 2},
number= {5},
pages= {799-805},
year= {1993},
title= {{COSMO}: a new approach to dielectric screening in solvents with explicit expressions for the screening energy and its gradient}
}
%doi= {10.1039/P29930000799},

@article{Klamt:1995,
author = {Klamt, Andreas},
journal = {The Journal of Physical Chemistry},
number = {7},
pages = {2224--2235},
volume = {99},
year = {1995},
title = {{Conductor-like Screening Model for Real Solvents: A New Approach to the Quantitative Calculation of Solvation Phenomena}}
}
%doi = {10.1021/j100007a062},

@article{Klamt:1998,
author = {Klamt, Andreas and Jonas, Volker and Burger, Thorsten and Lohrenz, John C. W.},
doi = {10.1021/jp980017s},
journal = {The Journal of Physical Chemistry A},
number = {26},
pages = {5074--5085},
volume = {102},
year = {1998},
title = {{Refinement and Parametrization of COSMO-RS}}
}

@article{Lin:2002,
author = {Lin, Shiang--Tai and Sandler, Stanley I.},
journal = {Ind. \& Eng. Chem. Res.},
number = {5},
pages = {899--913},
volume = {41},
year = {2002},
title = {{A Priori Phase Equilibrium Prediction from a Segment Contribution Solvation Model}}
}
%doi = {10.1021/ie001047w},

@article{Gerber2011,
author = {Gerber, Renan P. and Soares, Rafael De P.},
journal = {submitted to Brazilian Journal of Chemical Engineering},
title = {{About the predictive capacity of activity coefficient models for molecules consisting of several functional groups}},
year = {2011}
}

@article{Staudt2012,
title = "A self-consistent Gibbs excess mixing rule for cubic equations of state",
journal = "Fluid Phase Equilibria",
volume = "334",
number = "0",
pages = "76 - 88",
year = "2012",
author = {Staudt, Paula B. and Soares, Rafael de P.},
}


@ARTICLE{Klamt2010,
author={Klamt, A. and  Eckert, F. and Arlt, W.},
journal={Annu. Rev. Chem. Biomol. Eng.},
year={2010},
volume={1},
pages={101-122},
document_type={Article},
}
%title={COSMO-RS: An alternative to simulation for calculating thermodynamic properties of liquid mixtures},
%url={http://www.scopus.com/inward/record.url?eid=2-s2.0-77953586513&partnerID=40&md5=794de47e9c4f23fe94ac956d6a9a05b3},

@Article{Grensemann2005,
author="Grensemann, H.
and Gmehling, J.",
journal="Ind. Eng. Chem. Res.",
year="2005",
volume="44",
number="5",
pages="1610--1624"
}
%title="Performance of a Conductor-Like Screening Model for Real Solvents Model in Comparison to Classical Group Contribution Methods",

@article{Klamt2000,
author = "Klamt, A. and Eckert, F.",
journal = "Fluid Phase Equilib.",
volume = "172",
number = "1",
pages = "43--72",
year = "2000"
}
%title = "COSMO-RS: a novel and efficient method for the a priori prediction of thermophysical data of liquids",

@article{Reinisch2011,
author = "Jens Reinisch and Andreas Klamt and Frank Eckert and Michael Diedenhofen",
journal = "Fluid Phase Equilib.",
volume = "310",
number = "1-2",
pages = "7 - 10",
year = "2011",
}
%title = "Prediction of the temperature dependence of a polyether--water mixture using COSMOtherm",
%doi = "10.1016/j.fluid.2011.05.015",

@article{Coutsikos1995,
author = {Coutsikos, P and Kalospiros, Nikalaos S. and Tassios, Dimitrios P.},
journal = {Fluid Phase Equilib.},
month = jul,
number = {1-2},
pages = {59--78},
volume = {108},
year = {1995}
}
%title = {{Capabilities and limitations of the Wong-Sandler mixing rules}},
% doi = {10.1016/0378-3812(94)02675-Q},

@article{Klamt1998,
author = {Klamt, Andreas and Jonas, Volker and B\"{u}rger, Thorsten and Lohrenz, John C W},
journal = {J. Phys. Chem. A},
month = jun,
number = {26},
pages = {5074--5085},
publisher = {American Chemical Society},
volume = {102},
year = {1998}
}
%doi = {10.1021/jp980017s},
%title = {{Refinement and Parametrization of COSMO-RS}},


@article{Lin2002,
author = {Lin, Shiang-Tai and Sandler, Stanley I.},
journal = {Ind. Eng. Chem. Res.},
month = mar,
number = {5},
pages = {899--913},
volume = {41},
year = {2002}
}
%doi = {10.1021/ie001047w},
%title = {{A Priori Phase Equilibrium Prediction from a Segment Contribution Solvation Model}},


@ARTICLE {Weidlich1987,
  author = {Weidlich, Ulrich and Gmehling, Juergen},
  journal = {Ind. Eng. Chem. Res.},
  year = {1987},
  month = {July},
  volume = {26},
  number = {7},
  pages = {1372--1381},
}
%title = {A modified UNIFAC model. 1. Prediction of VLE, hE, and .gamma..infin.},
%note = {doi: 10.1021/ie00067a018 10.1021/ie00067a018},

@article{Lin2008,
author = {Lin, Shiang-Tai and Hsieh, Meng-Ting},
journal = {Fluid Phase Equilib.},
month = jul,
number = {1-2},
pages = {139--142},
volume = {269},
year = {2008}
}
%title = {{Improper matching of solvation energy components in Gex-based mixing rules}},
%doi = {10.1016/j.fluid.2008.04.013},

@article{Gerber2010,
author = {Gerber, Renan P. and Soares, Rafael de P.},
  journal = {Ind. Eng. Chem. Res.},
month = aug,
number = {16},
pages = {7488--7496},
publisher = {American Chemical Society},
volume = {49},
year = {2010}
}
%title = {{Prediction of Infinite-Dilution Activity Coefficients Using UNIFAC and COSMO-SAC Variants}},
%doi = {10.1021/ie901947m},


@article{Orbey1997,
author = {Orbey, H and Sandler, Stanley I.},
journal = {Fluid Phase Equilib.},
pages = {1--14},
volume = {132},
year = {1997}
}
%doi = {10.1016/S0378-3812(97)00037-X},
%title = {{A comparison of Huron-Vidal type mixing rules of mixtures of compounds with large size differences, and a new mixing rule}},

@book{smith:vanness:abbott:1996,
  author = "J. M. Smith and H. C. Van Ness and M. M. Abbott",
  title = "Introduction to Chemical Engineering Thermodynamics",
  publisher = "McGraw-Hill",
  address = "New York",
  year =  "2005",

} % edition =  "7th",
  %isbn = "978-0071247085"

@article{Hirohama2010,
author = {Hirohama, Seiya and Bluck, David and Sasaki, Masakazu},
journal = {Fluid Phase Equilib.},
pages = {2--6},
publisher = {Elsevier B.V.},
year = {2010}
}
%url = {http://dx.doi.org/10.1016/j.fluid.2010.09.005},
%title = {{Direct prediction of the binary parameters of a cubic equation of state from those of a low-pressure gE model}},

@article{Hansen1991,
author = {Hansen, Henrik K. and Rasmussen, Peter and Fredenslund, Aage and Schiller, Martin and Gmehling, Juergen},
journal = {Ind. Eng. Chem. Res.},
month = oct,
number = {10},
pages = {2352--2355},
volume = {30},
year = {1991}
}
% doi = {10.1021/ie00058a017},
% title = {{Vapor-liquid equilibria by UNIFAC group contribution. 5. Revision and extension}},


@article{Barr-David1959,
author = {Barr-David, Frank and Dodge, B. F.},
journal={J. Chem. Eng. Data},
month = apr,
number = {2},
pages = {107--121},
publisher = {American Chemical Society},
volume = {4},
year = {1959}
}
% doi = {10.1021/je60002a003},
% title = {{Vapor-Liquid Equilibrium at High Pressures. The Systems Ethanol-Water and 2-Propanol-Water.}},

@article{Kojima1991,
author = {Kojima, Kazuo and Tochigi, Katsumi and Kurihara, Kiyofumi and Nakamichi, Mikiyoshi},
journal={J. Chem. Eng. Data},
month = jul,
number = {3},
pages = {343--345},
publisher = {American Chemical Society},
volume = {36},
year = {1991}
}
%doi = {10.1021/je00003a024},
%title = {{Isobaric vapor-liquid equilibria for acetone + chloroform + benzene and the three constituent binary systems}},


@article{Toghiani1994,
author = {Toghiani, Hossein and Toghiani, Rebecca K. and Viswanath, Dabir S.},
journal={J. Chem. Eng. Data},
month = jan,
number = {1},
pages = {63--67},
publisher = {American Chemical Society},
volume = {39},
year = {1994}
}
%title = {{Vapor-liquid equilibria for the methanol-benzene and methanol-thiophene systems}},
%doi = {10.1021/je00013a018},

@article{Michelsen1990,
author = {Michelsen, Michael L.},
journal = {Fluid Phase Equilib.},
month = oct,
number = {1-2},
pages = {213--219},
volume = {60},
year = {1990}
}
%title = {{A modified Huron-Vidal mixing rule for cubic equations of state}},
%doi = {10.1016/0378-3812(90)85053-D},
%issn = {03783812},
%url = {http://dx.doi.org/10.1016/0378-3812(90)85053-D},


@article{Kontogeorgis2000,
journal = "Chem. Eng. Sci.",
volume = "55",
number = "13",
pages = "2351 - 2358",
year = "2000",
note = "",
author = "Georgios M. Kontogeorgis and Panayiotis M. Vlamos",
}
%doi = "DOI: 10.1016/S0009-2509(99)00472-8",
%title = "An interpretation of the behavior of EoS/GE models for asymmetric systems",


@article{Bachu2008,
author = {Bachu, S},
issn = {03601285},
journal = {Progress in Energy and Combustion Science},
keywords = {barriers to deployment,carbon dioxide storage,co 2 trapping mechanisms,hazards and risks},
month = apr,
number = {2},
pages = {254--273},
volume = {34},
year = {2008}
}%title = {{CO2 storage in geological media: Role, means, status and barriers to deployment}},

@article{Li2009,
author = {Li, H. and Yan, J.},
issn = {03062619},
journal = {Applied Energy},
month = jun,
number = {6},
pages = {826--836},
publisher = {Elsevier Ltd},
volume = {86},
year = {2009}
}%title = {{Evaluating cubic equations of state for calculation of vapor--liquid equilibrium of CO2 and CO2-mixtures for CO2 capture and storage processes}},

@article{Brown1989,
author = {Brown, T.S. and Niesen, V.G. and Sloan, E.D. and Kidnay, A.J.},
journal = {Fluid Phase Equilib.},
month = dec,
pages = {7--14},
volume = {53},
year = {1989}
}
%title = {{Vapor-liquid equilibria for the binary systems of nitrogen, carbon dioxide, and n-butane at temperatures from 220 to 344 K.}},


@article{Renon1989,
author = {Renon,H., S.Laugier, J.Schwartzentruber and D.Richon},
journal = {Fluid Phase Equilib.},
month = nov,
number = {1},
pages = {285--298},
volume = {51},
year = {1989}
}
%title = {{New determinations of high pressure vapor-liquid equilibria in binary systems containing n-propylbenzene with nitrogen or carbon dioxide consistent with the prausnitz-keeler test.}},

@article{Xu1992,
author = {Xu, N., Dong, J., Wang, Y. and Shi, J.},
journal = {Fluid Phase Equilib.},
month = dec,
number = {1},
pages = {175--186},
volume = {81},
year = {1992}
}
%title = {{High pressure vapor liquid equilibria at 293 K for systems containing nitrogen, methane and carbon dioxide}},

@article{Bierlein1953,
author = {Bierlein, James A. and Kay, Webster B.},
journal = {Industrial \& Engineering Chemistry},
month = mar,
number = {3},
pages = {618--624},
publisher = {American Chemical Society},
volume = {45},
year = {1953}
}
% title = {{Phase-Equilibrium Properties of System Carbon Dioxide-Hydrogen Sulfide}},

@article{Fredenslund1970,
author = {Fredenslund, Aage and Sather, G. A.},
journal={J. Chem. Eng. Data},
month = jan,
number = {1},
pages = {17--22},
publisher = {American Chemical Society},
volume = {15},
year = {1970}
}
%title = {{Gas-liquid equilibrium of the oxygen-carbon dioxide system}},


@article{Coquelet2008,
author = {Coquelet, C and Valtz, a and Dieu, F and Richon, D and Arpentinier, P and Lockwood, F},
journal = {Fluid Phase Equilibria},
month = nov,
number = {1-2},
pages = {38--43},
volume = {273},
year = {2008}
}
% title = {{Isothermal P, x, y data for the argon+carbon dioxide system at six temperatures from 233.32 to 299.21K and pressures up to 14MPa}},

@article{Staudt2010,
author = {Staudt, P.B. and Soares, R. De P. and Secchi, A.R. and Cardozo, N.S.M.},
journal = {Fluid Phase Equilib.},
keywords = {cubic equations of state,mixing rule,polymer liquids,polymer solution},
month = aug,
number = {1},
pages = {38--45},
volume = {295},
year = {2010}
}
%title = {{A new cubic equation of state for prediction of VLE of polymer solutions}},

@ARTICLE {Elbro1990,
 author = {Elbro, H. S.  and Fredenslund, A.  and Rasmussen, P. },
  journal = {Macromolecules},
  year = {1990},
  month = {October},
  volume = {23},
  number = {21},
  pages = {4707--4714}
}%  title = {A new simple equation for the prediction of solvent activities in polymer solutions},

@article{Mraw1978,
author = {Mraw, Stephen C. and Hwang, Shuen-Cheng and Kobayashi, Riki},
journal={J. Chem. Eng. Data},
number = {2},
pages = {135--139},
title = {{Vapor-Liquid Equilibrium of the CH4-C02 System at Low Temperatures}},
volume = {23},
year = {1978}
}

@ARTICLE {Bertucco1996,
  author = {Bertucco, Alberto and Mio, Cristina},
  journal = {Fluid Phase Equilib.},
  year = {1996},
  month = {March},
  volume = {117},
  number = {1-2},
  pages = {18--25}
}%  title = {Prediction of vapor-liquid equilibrium for polymer solutions by a group-contribution Redlich-Kwong-Soave equation of state},

@ARTICLE {Rida1996,
  author = {Abdel-Ghani, Rida M.  and Heidemann, Robert A. },
  journal = {Fluid Phase Equilib.},
    year = {1996},
  volume = {116},
  month = {March},
  number = {1-2},
  pages = {495--502}
}%  title = {Comparison of [Delta]G excess mixing rules for multi-phase equilibria in some ternary systems},
%  

@ARTICLE {Kang1987,
  author = {Kang, C. H.  and Sandler, Stanley I. },
  journal = {Fluid Phase Equilib.},
  year = {1987},
  volume = {38},
  number = {3},
  pages = {245--272},
}%  title = {Phase behavior of aqueous two-polymer systems},

@ARTICLE{Vetere1994,
author={Vetere, A.},
journal={Fluid Phase Equilib.},
year={1994},
volume={97},
number={C},
pages={43-52},
}%title={Rules for predicting vapor-liquid equilibria of amorphous polymer solutions using a modified Flory-Huggins equation},

@ARTICLE{Knudsen1993,
author={Knudsen, K. and Stenby, E.H. and Fredenslund, A.},
journal={Fluid Phase Equilib.},
year={1993},
volume={82},
pages={345-359},
}%title={A comprehensive comparison of mixing rules for calculation of phase equilibria in complex systems},

@ARTICLE {Ougizawa1991,
  author = {Ougizawa, T.  and Dee, G. T.  and Walsh, D. J. },
  journal = {Macromolecules},
  year = {1991},
  volume = {24},
  number = {13},
  pages = {3834--3837},
}%   title = {Pressure-volume-temperature properties and equations of state in polymer blends: Characteristic parameters in polystyrene/poly(vinyl methyl ether) mixtures},

@ARTICLE {Olabisi1975,
  author = {Olabisi, O.  and Simha, R. },
  journal = {Macromolecules},
  year = {1975},
  volume = {8},
  number = {2},
  pages = {206--210},
} %   title = {Pressure-volume-temperature studies of amorphous and crystallizable polymers. I. Experimental},

@ARTICLE {Zoller1979,
  author = {Zoller, Paul},
  journal = {J. Appl. Polym. Sci.},
  year = {1979},
  volume = {23},
  number = {4},  
  pages = {1051--1056},
} %   title = {The pressure-volume-temperature properties of three well-characterized low-density polyethylenes},

@ARTICLE {Zoller1979b,
  author = {Zoller, Paul},
  journal = {J. Appl. Polym. Sci.},
  year = {1979},
  volume = {23},
  number = {4},
  pages = {1057--1061}
}%   title = {Pressure-volume-temperature relationships of solid and molten polypropylene and poly(butene-1)},

@ARTICLE {Zoller1978,
  author = {Zoller, Paul},
  journal = {J. Appl. Polym. Sci.},
  year = {1978},
  volume = {22},
  number = {3},
  pages = {633--641}
} %   title = {The specific volume of poly(tetrafluoroethylene) as a function of temperature (30°-372°C) and pressure (0-2000 kg/cm2)},

@ARTICLE {Zoller1977,
  author = {Zoller, Paul},
  journal = {J. Appl. Polym. Sci.},
  year = {1977},
  volume = {21},
  number = {11},
  pages = {3129--3137}
}%   title = {The specific volume of poly(4-methylpentene-1) as a function of temperature (30°-320°C) and pressure (0-2000 kg/cm2)},


@ARTICLE {Wang1992,
  author = {Wang, Y. Z.  and Chia, W. J.  and Hsieh, K. H.  and Tseng, H. C. },
  journal = {J. Appl. Polym. Sci.},
  year = {1992},
  volume = {44},
  number = {10},
  pages = {1731--1736},
}%  title = {Specific volume of molten thermoplastic polymer composite at high pressure},

@ARTICLE {Shih1972,
  author = {Shih, H.  and Flory, P. J. },
  journal = {Macromolecules},
  year = {1972},
  volume = {5},
  number = {6},
  pages = {758--761}
}%  title = {Equation-of-state parameters for poly(dimethylsiloxane)},


@ARTICLE {Eichinger1968,
 author = {Eichinger, B. E.  and Flory, P. J. },
  journal = {Macromolecules},
  year = {1968},
  volume = {1},
  number = {3},
  pages = {285--286}
}% title = {Determination of the equation of state of polyisobutylene},

@ARTICLE {Beret1975,
  author = {Beret, S.  and Prausnitz, John M. },
  journal = {Macromolecules},
  year = {1975},
  volume = {8},
  number = {4},
  pages = {536--539}
}%  title = {Densities of liquid polymers at high pressure. Pressure-volume-temperature measurements for polyethylene, polyisobutylene, poly(vinyl acetate), and poly(dimethylsiloxane) to 1 kbar},


@ARTICLE {Quach1971,
  author = {Quach, A.  and Simha, R. },
  journal = {J. Appl. Phys.},
  year = {1971},
  volume = {42},
  number = {12},
  pages = {4592--4606}
}%title = {Pressure-volume-temperature properties and transitions of amorphous polymers; polystyrene and poly (orthomethylstyrene)},

@ARTICLE {Nagata1970,
   author = {I. Nagata and H. Hayashida},
  journal = {J. Chem. Eng. Jpn.},
  year = {1970},
  volume = {3},
  pages = {161},
} %title = {Vapor-Liquid Equilibrium Data for the Ternary Systems: Methyl Acetate-2-Propanol-Benzene and Methyl Acetate-Chloroform-Benzene},

@ARTICLE {Almeida2008,
   author = {Almeida, A. S.  and Wada, K.  and Secchi, A. R. },
  journal = {Braz. J. Chem. Eng.},
  year = {2008},
  volume = {25},
  pages = {337--349}
}%title = {Simulation of styrene polymerization reactors: kinetic and thermodynamic modeling},

@ARTICLE{Wang2007a,
   author = {Wang, L. -S. },
  journal = {Fluid Phase Equilib.},
  booktitle = {Jurgen Gmehling Honour Issue},
  year = {2007},
  month = {October},
  volume = {260},
  number = {1},
  pages = {105--112}
}%title = {Calculation of vapor-liquid equilibria of polymer solutions and gas solubilities in molten polymers based on {PSRK} equation of state},


@ARTICLE {Zhong1996,
  author = {Zhong, C.  and Masuoka, H. },
  journal = {Fluid Phase Equilib.},
  year = {1996},
  volume = {123},
  number = {1-2},
  pages = {59--69}
}%   title = {A new mixing rule for cubic equations of state and its application to vapor-liquid equilibria of polymer solutions},
  

@ARTICLE{Constantinou1994,
author={Constantinou, Leonidas and Gani, Rafiqul},
journal={AIChE J.},
year={1994},
volume={40},
number={10},
pages={1697-1709}
}% title={New group contribution method for estimating properties of pure compounds},


@ARTICLE {Joback1987,
  author = {Joback, K. G.  and Reid, R. C. },
  journal = {Chem. Eng. Commun.},
  year = {1987},
  volume = {57},
  number = {1},
  pages = {233--243},
  publisher = {Taylor & Francis},
}%title = {ESTIMATION OF PURE-COMPONENT PROPERTIES FROM GROUP-CONTRIBUTIONS},

@ARTICLE{Hwang1998,
author={Hwang, S. and Kim, J. and Yoo, K.-P.},
journal={J. Chem. Eng. Data},
year={1998},
volume={43},
number={4},
pages={614-616},
}%title={Vapor liquid equilibrium data of binary polymer solutions by vacuum electromicrobalance},

@ARTICLE {Li1998,
 author = {Li, Jiding and Fischer, Kai and Gmehling, Jurgen},
  journal = {Fluid Phase Equilib.},
  year = {1998},
  month = {January},
  volume = {143},
  number = {1-2},
  pages = {71--82},
}% title = {Prediction of vapor-liquid equilibria for asymmetric systems at low and high pressures with the {PSRK} model},
  

@ARTICLE{ Holderbaum1991,
journal = {Fluid Phase Equilib.},
volume = "63",
number = "1-2",
pages = "219 - 226",
year = "1991",
author = "T. Holderbaum and A. Utzig and J. Gmehling"
}%title = {"Vapour--liquid equilibria for the system butane/ethanol at 25.3, 50.6 and 72.5$^\circ${C}"},

@article{Holderbaum1991b,
title = "{PSRK: A Group Contribution Equation of State Based on UNIFAC}",
journal = "Fluid Phase Equilib.",
volume = "70",
number = "2-3",
pages = "251 - 265",
year = "1991",
author = "T. Holderbaum and J. Gmehling",
}


@ARTICLE{Gupta1995,
author = {Gupta, Ram B.  and Prausnitz, John M. },
  journal = {J. Chem. Eng. Data},
  year = {1995},
  month = {July},
  volume = {40},
  number = {4},
  pages = {784--791}
} % title = {Vapor-Liquid Equilibria of Copolymer Solvent and Homopolymer Solvent Binaries: New Experimental Data and Their Correlation},
  

@book {Wohlfarth1994,
  title = {Vapor-Liquid Equilibrium Data of Binary Polymer Solutions},
  author = {C. Wohlfarth},
  journal = { },
  year = {1994},
  publisher = {Elsevier: Amsterda},
}

@ARTICLE {David1959,
  author = {Barr-David, Frank and Dodge, B. F. },
  journal = {J. Chem. Eng. Data},
  year = {1959},
  month = {April},
  volume = {4},
  number = {2},
  pages = {107--121},
  publisher = {American Chemical Society},
}%title = {Vapor-Liquid Equilibrium at High Pressures. The Systems Ethanol-Water and 2-Propanol-Water.},
  

@ARTICLE {Wang2003,
  author = {Wang, L. -S.  and Ahlers, J.  and Gmehling, Jurgen},
  journal = {Ind. Eng. Chem. Res.},
  year = {2003},
  volume = {42},
  number = {24},
  pages = {6205--6211},
}%title = {Development of a Universal Group Contribution Equation of State. 4. Prediction of Vapor-Liquid Equilibria of Polymer Solutions with the Volume Translated Group Contribution Equation of State},
  

@ARTICLE {Michelsen1990b,
 author = {Michelsen, Michael L. },
  journal = {Fluid Phase Equilib.},
  year = {1990},
  month = {October},
  volume = {60},
  number = {1-2},
  pages = {213--219},
}% title = {A modified Huron-Vidal mixing rule for cubic equations of state},
  

@ARTICLE {Michelsen1990a,
 author = {Michelsen, Michael L. },
  journal = {Fluid Phase Equilib.},
  year = {1990},
  month = {October},
  volume = {60},
  number = {1-2},
  pages = {47--58},
}% title = {A method for incorporating excess Gibbs energy models in equations of state},
  
@ARTICLE {Huron1979,
  author = {Huron, Marie-Jos{\'e} and Vidal, Jean},
  journal = {Fluid Phase Equilib.},
  year = {1979},
  volume = {3},
  number = {4},
  pages = {255--271},
}%title = {New mixing rules in simple equations of state for representing vapour-liquid equilibria of strongly non-ideal mixtures},
  

@ARTICLE {Fischer1996,
  author = {Fischer, Kai and Gmehling, Jurgen},
  journal = {Fluid Phase Equilib.},
  year = {1996},
  month = {July},
  volume = {121},
  number = {1-2},
  pages = {185--206},
}%title = {Further development, status and results of the {PSRK} method for the prediction of vapor-liquid equilibria and gas solubilities},
  

@ARTICLE {Reamer1966,
  author = {Reamer, H. H.  and Sage, B. H. },
  journal = {J. Chem. Eng. Data},
  year = {1966},
  month = {January},
  volume = {11},
  number = {1},
  pages = {17--24},
  publisher = {American Chemical Society},
}%title = {Phase Equilibria in Hydrocarbon Systems. Volumetric and Phase Behavior of the Propane-n-Decane System.},
  

@ARTICLE {Srivastava1986,
  author = {Srivastava, Rakesh and Smith, Buford D. },
  journal = {J. Chem. Eng. Data},
  year = {1986},
  month = {January},
  volume = {31},
  number = {1},
  pages = {94--99},
  publisher = {American Chemical Society},
}%title = {Total pressure vapor-liquid equilibrium data for benzene   acetonitrile, diethylamine   ethylacetate, and propylamine   diethylamine binary systems},
  

@book{Wen1991,
title = {Polymer Solution Data Collection Part 1, Vapour--Liquid Equilibrium},
year = {1991},
author = {W. Hao and H. S. Ebro and P. Alessi},
publisher = {DECHEMA Chemistry Data Series, Frankfurt},
}

@ARTICLE {Surana1997,
  author = {Surana, Rahul K.  and Danner, Ronald P.  and de Haan, AndreB.  and Beckers, Nico},
  journal = {Fluid Phase Equilib.},
  year = {1997},
  month = {December},
  volume = {139},
  number = {1-2},
  pages = {361--370},
}%title = {New technique to measure high-pressure and high-temperature polymer-solvent vapor-liquid equilibrium},
  

@ARTICLE {Voutsas1995,
  author = {Voutsas, Epaminondas and Kalospiros, Nikolaos S.  and Tassios, Dimitrios},
  journal = {Fluid Phase Equilib.},
  year = {1995},
  month = {August},
  volume = {109},
  number = {1},
  pages = {1--15}
}%title = {A combinatorial activity coefficient model for symmetric and asymmetric mixtures},
  

@ARTICLE {Voutsas2006,
  author = {Voutsas, Epaminondas and Louli, Vasiliki and Boukouvalas, Christos and Magoulas, Kostis and Tassios, Dimitrios},
  journal = {Fluid Phase Equilib.},
  year = {2006},
  month = {March},
  volume = {241},
  number = {1-2},
  pages = {216--228}
}%title = {Thermodynamic property calculations with the universal mixing rule for EoS/GE models: Results with the Peng-Robinson EoS and a UNIFAC model},
  

@ARTICLE {Voutsas2004,
  author = {Voutsas, Epaminondas and Magoulas, Kostis and Tassios, Dimitrios},
  journal = {Ind. Eng. Chem. Res.},
  year = {2004},
  volume = {43},
  number = {19},
  pages = {6238--6246}
}%title = {Universal Mixing Rule for Cubic Equations of State Applicable to Symmetric and Asymmetric Systems: Results with the {Peng-Robinson} Equation of State},
  

@ARTICLE {Ahlers2002a,
  author = {Ahlers, J.  and Gmehling, Jurgen},
  journal = {Ind. Eng. Chem. Res.},
  year = {2002},
  volume = {41},
  number = {14},
  pages = {3489--3498}
}%title = {Development of a Universal Group Contribution Equation of State. 2. Prediction of Vapor-Liquid Equilibria for Asymmetric Systems},
  

@ARTICLE {Ahlers2002b,
  author = {Ahlers, J.  and Gmehling, Jurgen},
  journal = {Ind. Eng. Chem. Res.},
  year = {2002},
  volume = {41},
  number = {23},
  pages = {5890--5899}
}%title = {Development of a Universal Group Contribution Equation of State III. Prediction of Vapor-Liquid Equilibria, Excess Enthalpies, and Activity Coefficients at Infinite Dilution with the VTPR Model},
  

@ARTICLE {Horstmann2005,
  author = {Sven Horstmann and Anna Jabloniec and Jorg Krafczyk and Kai Fischer and Jurgen Gmehling},
  journal = {Fluid Phase Equilib.},
  year = {2005},
  month = {January},
  volume = {227},
  number = {2},
  pages = {157--164},
  keywords = {Equation of state, Group contribution, {PSRK}, UNIFAC, [alpha]-Function},
}%title = {{{PSRK}} group contribution equation of state: comprehensive revision and extension {IV}, including critical constants and $\alpha$ -function parameters for 1000 components},
  

@ARTICLE {Twu1995a,
   author = {Twu, Chorng H.  and Coon, John E.  and Cunningham, John R. },
  journal = {Fluid Phase Equilib.},
  year = {1995},
  month = {March},
  volume = {105},
  number = {1},
  pages = {49--59},
  issn = {0378-3812}
}%title = {A new generalized alpha function for a cubic equation of state Part 1. Peng-Robinson equation},
 

@ARTICLE {Twu1995b,
  author = {Twu, Chorng H.  and Coon, John E.  and Cunningham, John R. },
  journal = {Fluid Phase Equilib.},
  year = {1995},
  month = {March},
  volume = {105},
  number = {1},
  pages = {61--69},
  issn = {0378-3812}
}%title = {A new generalized alpha function for a cubic equation of state Part 2. Redlich-Kwong equation},
  

@ARTICLE {Orbey1994,
  author = {Orbey, Nese and Sandler, Stanley I. },
  journal = {AIChE J.},
  year = {1994},
  volume = {40},
  number = {7},
  pages = {1203--1209},
 }% title = {Vapor-liquid equilibrium of polymer solutions using a cubic equation of state},
  

@ARTICLE {Hsieh2008,
  author = {Hsieh, C. -M.  and Lin, S. -T. },
  journal = {AIChE J.},
  year = {2008},
  volume = {54},
  number = {8},
  pages = {2174--2181}
}%title = {Determination of cubic equation of state parameters for pure fluids from first principle solvation calculations},
  

@ARTICLE {Novenario1998,
  author = {Carlos R. Novenario, James M. Caruthers, Kwang-chu Chao},
  journal = {J. Appl. Polym. Sci.},
  year = {1998},
  volume = {67},
  pages = {841--848},
  issn = {1097-4628}
}% title = {Heat capacity of polymer melts from the polymer chain-of-rotators equation of state},
 

@ARTICLE {Segura2008,
  author = {Segura, Hugo and Seiltgens, Diego and Mej{\'i}a, Andr{\'e}s and Llovell, F{\'e}lix and Vega, Lourdes F. },
  journal = {Fluid Phase Equilib.},
  year = {2008},
  volume = {265},
  number = {1-2},
  pages = {66--83},
  issn = {0378-3812}
}%title = {An accurate direct technique for parameterizing cubic equations of state: Part I. Determining the cohesion temperature function in the low-temperature range},
  

@ARTICLE {Neau2009,
  author = {Neau, Evelyne and Hern{\'a}ndez-Garduza, Otilio and Escandell, Joan and Nicolas, Christophe and Raspo, Isabelle},
  journal = {Fluid Phase Equilib.},
  year = {2009},
  volume = {276},
  number = {2},
  pages = {87--93},
  issn = {0378-3812}
}%title = {The Soave, Twu and Boston-Mathias alpha functions in cubic equations of state: Part I. Theoretical analysis of their variations according to temperature},
  

@ARTICLE {Tihic2008,
  author = {Tihic, A., Kontogeorgis},
  journal = {Ind. Eng. Chem. Res.},
  year = {2008},
  volume = {47},
  number = {15},
  pages = {5092--5101}
}%title = {A predictive group-contribution simplified PC-SAFT equation of state: Application to polymer systems},
  

@ARTICLE{Kalospiros1995,
  author = {Kalospiros, N.S. and Tassios, D.},
  journal = {Ind. Eng. Chem. Res.},
  year = {1995},
  volume = {34},
  number = {6},
  pages = {2117--2124},
}%title = {Prediction of vapor-liquid equilibria in polymer solutions using an equation of state/excess gibbs free energy model},
  

@ARTICLE {Wong1992,
  author = {Wong, D. S. H.  and Orbey, Hasan and Sandler, Stanley I. },
  journal = {Ind. Eng. Chem. Res.},
  year = {1992},
  volume = {31},
  number = {8},
  pages = {2033--2039},
}%title = {Equation of state mixing rule for nonideal mixtures using available activity coefficient model parameters and that allows extrapolation over large ranges of temperature and pressure},
  

@ARTICLE {Orbey1998,
  author = {Orbey, H. and Bokis, C.P. and Chen, C.-C.},
  journal = {Ind. Eng. Chem. Res.},
  year = {1998},
  volume = {37},
  number = {11},
  pages = {4481--4491},
}%title = {Equation of state modeling of phase equilibrium in the low-density polyethylene process: The Sanchez-Lacombe, statistical associating fluid theory, and {polymer-Soave-Redlich-Kwong} equations of state},
  

@ARTICLE {Sako1989,
   author = {Sako, Takeshi and Wu, Albert H. and Prausnitz, John M.},
  journal = {J. Appl. Polym. Sci.},
  year = {1989},
  volume = {38},
  number = {10},
  pages = {1839--1858}
}% title = {A Cubic Equation of State for the High-Pressure Phase Equilibria of Mixtures Containing Polymers and Volatile Fluids},
 

@ARTICLE {Valderrama2003,
  author = {Valderrama, Jos{\'e} O. },
  journal = {Ind. Eng. Chem. Res.},
  year = {2003},
  month = {March},
  volume = {42},
  number = {8},
  pages = {1603--1618}
}%title = {The State of the Cubic Equations of State},
  

@ARTICLE {Rodgers1993,
 author = {Rodgers, Patrick A. },
  journal = {J. Appl. Polym. Sci.},
  year = {1993},
  volume = {48},
  number = {6},
  pages = {1061--1080},
}% title = {Pressure-volume-temperature relationships for polymeric liquids: A review of equations of state and their characteristic parameters for 56 polymers},
  

@ARTICLE{Berenji2006,
  author = {Ali R. Berenji and Elaheh K. Goharshadi},
  journal = {Polymer},
  year = {2006},
  volume = {47},
  pages = {4726 - 4733},
  number = {13},
}%title = {Prediction of thermodynamic properties of polymeric liquids using a new equation of state},

@ARTICLE{Cho1998,
  author = {Cho, Junhan and Sanchez, Isaac C. },
  journal = {Macromolecules},
  year = {1998},
  volume = {31},
  pages = {6650--6661},
  number = {19}
}% title = {An Analytical Free Energy and the Temperature-Pressure Superposition Principle for Pure Polymeric Liquids},

@BOOK{vanNess2007,
  title = {Introdu\c{c}\~ao a Thermodin\^amica da Engenharia Qu\'imica},
  publisher = {LTC},
  year = {2007},
  author = {J. M. Smith and C. Van Ness and M. M. Abbott},
  keywords = {Polymer Solutions, thermal properties},
}

@BOOK{Danner1993,
  title = {Handbook of Polymer Solution Thermodynamics},
  publisher = {American Institute of Chemical Engineers},
  year = {1993},
  editor = {Desing Institute for Physical Property Data},
  author = {Ronald P. Danner and Martin S. High},
  keywords = {Polymer Solutions, thermal properties},
  owner = {Paula},
  timestamp = {2009.03.10}
}

@ARTICLE{Lee2003,
  author = {Ming-Jer Lee and Yu-Chun Tuan and Ho-mu Lin},
  journal = {Polymer},
  year = {2003},
  volume = {44},
  pages = {3891 - 3900},
  number = {14}
} % title = {Pressure-volume-temperature properties for binary and ternary polymer
%	solutions of poly(ethylene glycol), poly(propylene glycol), and poly(ethylene
%	glycol methyl ether) with anisole},

@ARTICLE{Louli2000,
  author = {Louli, Vasiliki and Tassios, Dimitrios},
  journal = {Fluid Phase Equilib.},
  year = {2000},
  volume = {168},
  pages = {165--182},
  number = {2}
}%title = {Vapor-liquid equilibrium in polymer-solvent systems with a cubic equation of state},

@ARTICLE{Sanchez1995,
  author = {Sanchez, Isaac C. and Cho, Junhan},
  journal = {Polymer},
  year = {1995},
  volume = {36},
  pages = {2929--2939},
  number = {15}
}%title = {A universal equation of state for polymer liquids},
  

@ARTICLE{Sanchez1993a,
  author = {Sanchez, Isaac C. and Cho, Junhan and Chen, W.J},
  journal = {Macromolecules},
  year = {1993},
  volume = {26},
  pages = {4234--4241},
  number = {16}
}%title = {Universal response of polymers, solvents, and solutions to pressure},
  

@ARTICLE{Sanchez1993b,
  author = {Sanchez, Isaac C. and Cho, Junhan and Chen, W.J},
  journal = {J. Phys. Chem.},
  year = {1993},
  volume = {97},
  pages = {6120--6123},
  number = {23}
}%title = {Compression of Liquids and Solids: Universal Aspects},
  

@UNPUBLISHED{VRTech2005,
  author = {VRTech},
  title = {VRTherm, a software to predict thermodynamic and physical properties
	of complex mixtures and pure substances},
  note = {www.vrtech.com.br},
  year = {2005},
  owner = {Paula},
  timestamp = {2006.08.25}
}

@article{Hiaki1994,
author = {Hiaki, Toshihiko and Kurihara, Kiyofumi and Kojima, Kazuo},
journal = {J. Chem. Eng. Data},
pages = {714--719},
volume = {39},
year = {1994}
}%title = {{Vapor-Liquid Equilibria for Acetone + Chloroform + Methanol and Constituent Binary Systems at 101.3 kPa}},

@article{Gultekin1990,
author = {Gultekin, Nurbay},
journal = {J. Chem. Eng. Data},
number = {2},
pages = {132--136},
volume = {35},
year = {1990}
}%title = {{Vapor-liquid equilibria at 1 atm for ternary and quaternary systems composed of acetone, methanol, 2-propanol, and 1-propanol}},

@article{Kurihara1998,
author = {Kurihara, Kiyofumi and Hori, Hiroaki and Kojima, Kazuo},
journal = {J. Chem. Eng. Data},
number = {2},
pages = {264--268},
volume = {43},
year = {1998}
}%title = {{Vapor-Liquid Equilibrium Data for Acetone + Methanol + Benzene, Chloroform + Methanol + Benzene, and Constituent Binary Systems at 101.3 KPa}},

@article{Iglesias1999,
author = {Iglesias, Miguel and Orge, Beatriz and Marino, Gonzalo and Tojo, Jos\'{e}},
journal = {J. Chem. Eng. Data},
number = {4},
pages = {661--665},
volume = {44},
year = {1999}
}%title = {{Vapor-Liquid Equilibria for the Ternary System Acetone + Methanol + Water at 101.325 kPa}},

@article{Dribika1985,
author = {Dribika, M. M. and Rashed, I. G. and Biddulph, M. W.},
journal = {J. Chem. Eng. Data},
number = {2},
pages = {146--149},
volume = {30},
year = {1985}
}%title = {{Vapor-liquid equilibria in the ternary system methyl alcohol-ethyl alcohol-isopropyl alcohol at atmospheric pressure}},

@article{AlonsoTristan2006,
author = {Alonso-Tristan, Cristina and Montero, Eduardo A. and Villamanan, Rosa M. and Chamorro, C\'{e}sar R. and Segovia, Jos\'{e} J.},
journal = {J. Chem. Eng. Data},
pages = {2121--2125},
volume = {51},
year = {2006}
}%title = {{Phase Equilibrium Properties of Binary and Ternary Mixtures Containing 1,1-Dimethylethyl Methyl Ether, 1-Propanol, and Hexane at T=313.15K}},

@article{Leonhard2009,
author = {Leonhard, K and Veverka, J and Lucas, K},
journal = {Fluid Phase Equilib.},
number = {2},
pages = {105--115},
volume = {275},
year = {2009}
}% title = {{A comparison of mixing rules for the combination of COSMO-RS and the Peng-Robinson equation of state}},

@article{Twu1999,
author = {Twu, Chorng H. and Coon, John E. and Bluck, David and Tilton, Bruce},
journal = {Fluid Phase Equilib.},
number = {1},
pages = {271--281},
volume = {158-160},
year = {1999}
} %title = {{CEOS/AE mixing rules from infinite pressure to zero pressure and then to no reference pressure}},


@article{Gmehling1993,
author = {Gmehling, Juergen and Li, Jiding and Schiller, Martin},
journal = {Ind. Eng. Chem. Res.},
number = {1},
pages = {178--193},
volume = {32},
year = {1993}
}%title = {{A modified UNIFAC model. 2. Present parameter matrix and results for different thermodynamic properties}},

@article{Campbell1987,
journal = "J. Chem. Thermodyn.",
volume = "19",
number = "5",
pages = "449 - 460",
year = "1987",
author = "Scott W Campbell and Richard A Wilsak and George Thodos"
}%title = "(Vapor + liquid) equilibrium behavior of (n-pentane + ethanol) at 372.7, 397.7, and 422.6 K",

@article{Huie1973,
author = {Huie, Nicholas C. and Luks, Kraemer D. and Kohn, James P.},
journal = {J. Chem. Eng. Data},
number = {3},
pages = {311--313},
volume = {18},
year = {1973}
}%title = {{Phase-equilibriums behavior of systems carbon dioxide-n-eicosane and carbon dioxide-n-decane-n-eicosane}},

@article{Shibata1989,
author = {Shibata, Steven K. and Sandler, Stanley I.},
journal = {J. Chem. Eng. Data},
number = {3},
pages = {291--298},
volume = {34},
year = {1989}
}%title = {{High-pressure vapor-liquid equilibria involving mixtures of nitrogen, carbon dioxide, and n-butane}},

@article{Iwai1994,
author = {Iwai, Yoshio and Hosotani, Noriaki and Morotomi, Tatsuo and Koga, Yoshio and Arai, Yasuhiko},
journal = {J. Chem. Eng. Data},
number = {4},
pages = {900--902},
volume = {39},
year = {1994}
}%title = {{High-Pressure Vapor-Liquid Equilibria for Carbon Dioxide + Linalool}},

@article{Kalospiros1995b,
author = {Kalospiros, Nikolaos S. and Tzouvaras, Nikolaos and Coutsikos, Philippos and Tassios, Dimitrios P.},
journal = {AIChE J.},
number = {4},
pages = {928--937},
volume = {41},
year = {1995}
}%title = {{Analysis of Zero-Reference-Pressure EoS/GE Models}},

@article{Wong1992b,
author = {Wong, David S. H. and Sandler, Stanley I.},
journal = {AIChE J.},
number = {5},
pages = {671--680},
volume = {38},
year = {1992}
}%title = {{A Theoretically Correct Mixing Rule for Cubic Equations of State}},

@ARTICLE{Dahl1990,
author={Dahl, Soren and Michelsen, Michael L.},
journal={AIChE J.},
year={1990},
volume={36},
number={12},
pages={1829-1836},
}%title={High-pressure vapor-liquid equilibrium with a UNIFAC-based equation of state},

@article{Reamer1960,
author = {Reamer, H. H. and Sage, B. H. and Lacey, W. N.},
journal = {J. Chem. Eng. Data},
month = jan,
number = {1},
pages = {44--50},
volume = {5},
year = {1960}
}%title = {{Phase Equilibria in Hydrocarbon Systems. Volumetric and Phase Behavior of the Ethane-n-Pentane System.}},

@article{Reamer1953,
author = {Reamer, H. H. and Selleck, F. T. and Sage, B. H. and Lacey, W. N.},
journal = {Ind. Eng. Chem.},
month = aug,
number = {8},
pages = {1810--1812},
volume = {45},
year = {1953}
}%title = {{PHASE EQUILIBRIA IN HYDROCARBON SYSTEMS - Volumetric and Phase Behavior of Decane-Hydrogen Sulfide System}},

@article{Resa2006,
author = {Resa, Jos\'{e} M. and Goenaga, Jos\'{e} M. and Iglesias, Miguel and Gonzalez-Olmos, Rafael and Pozuelo, Daniel},
journal = {J. Chem. Eng. Data},
month = jul,
number = {4},
pages = {1300--1305},
volume = {51},
year = {2006}
}%title = {{Liquid-Liquid Equilibrium Diagrams of Ethanol + Water + (Ethyl Acetate or 1-Pentanol) at Several Temperatures}},

@article{Ashour2005,
author = {Ashour, Ibrahim},
journal = {J. Chem. Eng. Data},
month = jan,
number = {1},
pages = {113--118},
volume = {50},
year = {2005}
}%title = {{Liquid-Liquid Equilibrium of MTBE + Ethanol + Water and MTBE + 1-Hexanol + Water over the Temperature Range of 288.15 to 308.15 K}},

@article{Ghanadzadeh2004,
author = {Ghanadzadeh, Hossein and Ghanadzadeh, Ali},
journal = {J. Chem. Eng. Data},
month = jul,
number = {4},
pages = {783--786},
volume = {49},
year = {2004}
}%title = {{Liquid-Liquid Equilibria of Water + 1-Butanol + 2-Ethyl-1-hexanol System}},

@article{Kontogeorgis2010,
author = {Kontogeorgis, Georgios M. and Economou, Ioannis G.},
journal = {J. Supercrit. Fluids},
number = {2},
pages = {421--437},
volume = {55},
year = {2010}
}%title = {{Equations of state: From the ideas of van der Waals to association theories}},

@book{michelsenMollerup2007,
  author = "Michael M. Michelsen and Jorgen M. Mollerup",
  title = "Thermodynamic Models: Fundamental \& Computational Aspects",
  publisher = "Tie-Line Publications",
  address = "Denmark",
  year =  "2007",

}
%  edition =  "2nd",
%  isbn = "87-989961-3-4"

@article{Magnussen1981,
author = {Magnussen, Thomas and Rasmussen, Peter and Fredenslund, Aage},
journal = {Ind. Eng. Chem. Process Des. Dev.},
number = {2},
pages = {331--339},
volume = {20},
year = {1981}
}
% title = {{UNIFAC parameter table for prediction of liquid-liquid equilibriums}},

@article{Wilsak1987,
author = {Wilsak, Richard A. and Campbell, Scott W and Thodos, George},
journal = {Fluid Phase Equilib.},
month = dec,
number = {1-2},
pages = {173--190},
volume = {33},
year = {1987}
}%title = {{Vapor-liquid equilibrium measurements for the n-pentane-methanol-acetone ternary at 372.7 K and their prediction from the constituent binaries}},

@article{Kuriharaj1995,
author = {Kuriharaj, Kiyofumi and Minoura, Tsuyoshi and Takeda, Kouichi and Kojima, Kazuo},
journal = {J. Chem. Eng. Data},
number = {3},
pages = {679--684},
volume = {40},
year = {1995}
}% title = {{Isothermal Vapor-Liquid Equilibria for Methanol + Ethanol + Water, Methanol + Water, and Ethanol + Water}},

@article{Tu1998,
author = {Tu, Chein-Hsiun and Ou, Feng-Chao},
journal = {J. Chem. Eng. Data},
month = mar,
number = {2},
pages = {259--263},
volume = {43},
year = {1998}
}% title = {{Vapor-Liquid Equilibria of Binary and Ternary Mixtures of 2-Propanol, 1-Chlorobutane, and Acetonitrile at 101.3 kPa}},

@article{Peters1993,
author = {Peters, C J and Roo, J L De and Arons, J De Swaan},
journal = {Fluid Phase Equilib.},
pages = {301--312},
volume = {85},
year = {1993}
} % title = {{Phase equilibria in binary mixtures of propane and hexacontane}},


@article{Peters1992,
author = {Peters, C.J. and de Roo, J.L. and {de Swaan Arons}, J.},
journal = {Fluid Phase Equilib.},
month = mar,
pages = {251--266},
volume = {72},
year = {1992}
} % title = {{Measurements and calculations of phase equilibria in binary mixtures of propane + tetratriacontane}},

@article{Gasem1989,
author = {Gasem, Khaled A. M. and Bufkin, Brian A. and Raff, Aaron M. and Robinson, Robert L.},
journal = {J. Chem. Eng. Data},
month = apr,
number = {2},
pages = {187--191},
volume = {34},
year = {1989}
} % title = {{Solubilities of ethane in heavy normal paraffins at pressures to 7.8 MPa and temperatures from 348 to 423 K}},

@article{Constantinou1995,
author = {Constantinou, Leonidas and Gani, Rafiqul and O'Connell, John P.},
journal = {Fluid Phase Equilib.},
month = jan,
number = {1},
pages = {11--22},
volume = {103},
year = {1995}
} % title = {{Estimation of the acentric factor and the liquid molar volume at 298 K using a new group contribution method}},

@article{Trassy1997,
author = {Trassy, L. and Neau, E. and Alessi, P. and Kikic, I. and Cortesi, A.},
journal = {Fluid Phase Equilib.},
month = dec,
number = {1-2},
pages = {125--136},
volume = {139},
year = {1997}
} % title = {{Binary interaction parameters of EOS for heavy hydrocarbons from a group contribution method and Henry's constants}},

@article{Gregorowicz1992,
author = {Gregorowicz, Jacek and {De Loos}, Theo W. and {De Swaan Arons}, Jakob},
journal = {J. Chem. Eng. Data},
month = jul,
number = {3},
pages = {356--358},
volume = {37},
year = {1992}
} % title = {{The system propane + eicosane: P, T, and x measurements in the temperature range 288-358 K}},

@article{Othmer1952,
author = {Othmer, Donald F. and Chudgar, Manu M. and Levy, Sherman L.},
journal = {Ind. Eng. Chem.},
month = aug,
number = {8},
pages = {1872--1881},
volume = {44},
year = {1952}
} %title = {{Binary and Ternary Systems of Acetone, Methyl Ethyl Ketone, and Water}},

@article{McKay1951,
author = {McKay, R. A. and Reamer, H. H. and Sage, B. H. and Lacey, W. N.},
journal = {Ind. Eng. Chem.},
month = sep,
number = {9},
pages = {2112--2117},
volume = {43},
year = {1951}
}%title = {{Volumetric and Phase Behavior in the Ethane-Propene System}},

@article{Reamer1964,
author = {Reamer, H. H. and Sage, B. H.},
journal = {J. Chem. Eng. Data},
month = jan,
number = {1},
pages = {24--28},
volume = {9},
year = {1964}
}%title = {{Phase Equilibria in Hydrocarbon Systems. Phase Behavior in the n-Butane-n-Decane System.}},

@article{Larsen1987,
author = {Larsen, Bent L and Rasmussen, Peter and Fredenslund, Aage},
journal = {Ind. Eng. Chem. Res.},
month = nov,
number = {11},
pages = {2274--2286},
volume = {26},
year = {1987}
} % title = {{A modified UNIFAC group-contribution model for prediction of phase equilibria and heats of mixing}},

@ARTICLE {Bondi1964,
  title = {van der {W}aals {V}olumes and {R}adii},
  author = {Bondi, A. },
  journal = {J. Phys. Chem.},
  year = {1964},
  volume = {68},
  number = {3},
  pages = {441--451}
}

@article{Masuoka1984,
author = {Masuoka, Hirokatsu and Murashige, Nobuaki and Yorizane, Masahiro},
journal = {Fluid Phase Equilib.},
month = oct,
number = {2},
pages = {155--169},
volume = {18},
year = {1984}
} % title = {{Measurement of solubility of organic solvents in polyisobutylene using the piezoelectric-quartz sorption method}},

@article{Baker1962,
author = {Baker, C and Brown, W and Gee, G and Rowlinson, J and Stubley, D and Yeadon, R},
journal = {Polymer},
pages = {215--230},
volume = {3},
year = {1962}
} % title = {{A study of the thermodynamic properties and phase equilibria of solutions of polyisobutene in n-pentane}},

@article{Ashworth1986,
author = {Ashworth, A J and Price, G J},
journal = {Macromolecules},
month = mar,
number = {2},
pages = {358--361},
volume = {19},
year = {1986}
} % title = {{Static investigation of the influence of polymer molecular weight and loading in the gas chromatographic determination of poly(dimethylsiloxane) interaction parameters}},

@article{Booth1971,
author = {Booth, C. and Devoy, C.J.},
journal = {Polymer},
month = may,
number = {5},
pages = {309--319},
volume = {12},
year = {1971}
} % title = {{Thermodynamics of mixtures of poly (ethylene oxide) and benzene}},

@article{Noda1984,
author = {Noda, Ichiro and Higo, Yuji and Ueno, Noboru and Fujimoto, Teruo},
journal = {Macromolecules},
month = sep,
number = {5},
pages = {1055--1059},
volume = {17},
year = {1984}
} % title = {{Semidilute region for linear polymers in good solvents}},


