% Nova bibliografia 
% No Mendeley, copiar como BibTex Entry
@article{Gregerson2003,
author = {Gregerson, Laura N. and Baldridge, Kim K.},
journal = {H. Chimica Acta},
title = {{Outlying Charge, Stability, Efficiency, and Algorithmic Enhancements in the Quantum-Mechanical Solvation Method, COSab-GAMESS}},
month = {dec},
number = {12},
pages = {4112--4132},
volume = {86},
year = {2003}
}
@article{Gerber2010,
author = {Gerber, Renan P. and Soares, Rafael {\relax de P}},
title = {{Prediction of infinite-dilution activity coefficients using {UNIFAC} and {COSMO-SAC} variants}},
journal = {Ind. Eng. Chem. Res.},
number = {16},
pages = {7488-7496},
volume = {49},
year = {2010}
}
@article{Flores2016,
author = {Fl{\^{o}}res, Guilherme Braganholo and Staudt, Paula Bettio and Soares, Rafael De Pelegrini},
doi = {10.1016/j.fluid.2016.02.043},
file = {:home/gbflores/Desktop/Untitled Folder/1-s2.0-S037838121630108X-main.pdf:pdf},
issn = {03783812},
journal = {Fluid Phase Equilibria},
keywords = {activity coefficient,dispersion,excess enthalpy,f-sac,heat of vaporization},
pages = {10--11},
publisher = {Elsevier Ltd},
title = {{Including dispersive interations in the F-SAC model}},
url = {http://dx.doi.org/10.1016/j.fluid.2016.02.043},
year = {2016}
}
@article{Soares2013,
author = {Soares, Rafael {\relax de P} and Gerber, Renan P. and Possani, Luiz F. K. and Staudt, Paula B.},
doi = {10.1021/ie4013979},
journal = {Ind. Eng. Chem. Res.},
number = {32},
pages = {11172--11181},
title = {{Functional-Segment Activity Coefficient Model. 2. Associating Mixtures}},
volume = {52},
year = {2013}
}
@article{Fredenslund1975,
author = {Fredenslund, Aage and Jones, Russell L. and Prausnitz, John M.},
doi = {10.1002/aic.690210607},
file = {:home/fabricio/Desktop/Artigos{\_}mestrado/fredenslund1975.pdf:pdf},
issn = {0001-1541},
journal = {AIChE Journal},
mendeley-groups = {COSMO},
month = {nov},
number = {6},
pages = {1086--1099},
title = {{Group-contribution estimation of activity coefficients in nonideal liquid mixtures}},
url = {http://doi.wiley.com/10.1002/aic.690210607},
volume = {21},
year = {1975}
}
@article{Jakob2006,
author = {Jakob, Antje and Grensemann, Hans and Lohmann, J{\"{u}}rgen and Gmehling, J{\"{u}}rgen},
doi = {10.1021/ie060355c},
file = {:home/fabricio/.local/share/data/Mendeley Ltd./Mendeley Desktop/Downloaded/Jakob et al. - 2006 - Further Development of Modified UNIFAC (Dortmund) Revision and Extension 5.pdf:pdf},
issn = {0888-5885},
journal = {Industrial {\&} Engineering Chemistry Research},
mendeley-groups = {COSMO},
month = {nov},
number = {23},
pages = {7924--7933},
title = {{Further Development of Modified UNIFAC (Dortmund): Revision and Extension 5}},
url = {http://pubs.acs.org/doi/abs/10.1021/ie060355c},
volume = {45},
year = {2006}
}


